%YAML 1.1
%TAG !u! tag:unity3d.com,2011:
--- !u!29 &1
SceneSettings:
  m_ObjectHideFlags: 0
  m_PVSData: 
  m_PVSObjectsArray: []
  m_PVSPortalsArray: []
  m_OcclusionBakeSettings:
    smallestOccluder: 5
    smallestHole: 0.25
    backfaceThreshold: 100
--- !u!104 &2
RenderSettings:
  m_ObjectHideFlags: 0
  serializedVersion: 7
  m_Fog: 0
  m_FogColor: {r: 0.5, g: 0.5, b: 0.5, a: 1}
  m_FogMode: 3
  m_FogDensity: 0.01
  m_LinearFogStart: 0
  m_LinearFogEnd: 300
  m_AmbientSkyColor: {r: 0.212, g: 0.227, b: 0.259, a: 1}
  m_AmbientEquatorColor: {r: 0.114, g: 0.125, b: 0.133, a: 1}
  m_AmbientGroundColor: {r: 0.047, g: 0.043, b: 0.035, a: 1}
  m_AmbientIntensity: 1
  m_AmbientMode: 0
  m_SkyboxMaterial: {fileID: 10304, guid: 0000000000000000f000000000000000, type: 0}
  m_HaloStrength: 0.5
  m_FlareStrength: 1
  m_FlareFadeSpeed: 3
  m_HaloTexture: {fileID: 0}
  m_SpotCookie: {fileID: 10001, guid: 0000000000000000e000000000000000, type: 0}
  m_DefaultReflectionMode: 0
  m_DefaultReflectionResolution: 128
  m_ReflectionBounces: 1
  m_ReflectionIntensity: 1
  m_CustomReflection: {fileID: 0}
  m_Sun: {fileID: 0}
  m_IndirectSpecularColor: {r: 0.18053626, g: 0.2260185, b: 0.30718803, a: 1}
--- !u!157 &3
LightmapSettings:
  m_ObjectHideFlags: 0
  serializedVersion: 7
  m_GIWorkflowMode: 0
  m_GISettings:
    serializedVersion: 2
    m_BounceScale: 1
    m_IndirectOutputScale: 1
    m_AlbedoBoost: 1
    m_TemporalCoherenceThreshold: 1
    m_EnvironmentLightingMode: 0
    m_EnableBakedLightmaps: 1
    m_EnableRealtimeLightmaps: 1
  m_LightmapEditorSettings:
    serializedVersion: 4
    m_Resolution: 2
    m_BakeResolution: 40
    m_TextureWidth: 1024
    m_TextureHeight: 1024
    m_AO: 0
    m_AOMaxDistance: 1
    m_CompAOExponent: 1
    m_CompAOExponentDirect: 0
    m_Padding: 2
    m_LightmapParameters: {fileID: 0}
    m_LightmapsBakeMode: 1
    m_TextureCompression: 1
    m_DirectLightInLightProbes: 1
    m_FinalGather: 0
    m_FinalGatherFiltering: 1
    m_FinalGatherRayCount: 256
    m_ReflectionCompression: 2
  m_LightingDataAsset: {fileID: 0}
  m_RuntimeCPUUsage: 25
--- !u!196 &4
NavMeshSettings:
  serializedVersion: 2
  m_ObjectHideFlags: 0
  m_BuildSettings:
    serializedVersion: 2
    agentRadius: 0.5
    agentHeight: 2
    agentSlope: 45
    agentClimb: 0.4
    ledgeDropHeight: 0
    maxJumpAcrossDistance: 0
    accuratePlacement: 0
    minRegionArea: 2
    cellSize: 0.16666667
    manualCellSize: 0
  m_NavMeshData: {fileID: 0}
--- !u!1 &264121642
GameObject:
  m_ObjectHideFlags: 0
  m_PrefabParentObject: {fileID: 0}
  m_PrefabInternal: {fileID: 0}
  serializedVersion: 4
  m_Component:
  - 4: {fileID: 264121643}
  m_Layer: 0
  m_Name: startroom
  m_TagString: Untagged
  m_Icon: {fileID: 0}
  m_NavMeshLayer: 0
  m_StaticEditorFlags: 0
  m_IsActive: 1
--- !u!4 &264121643
Transform:
  m_ObjectHideFlags: 0
  m_PrefabParentObject: {fileID: 0}
  m_PrefabInternal: {fileID: 0}
  m_GameObject: {fileID: 264121642}
  m_LocalRotation: {x: -0, y: -0, z: -0, w: 1}
  m_LocalPosition: {x: 1.4, y: 0, z: -0.32}
  m_LocalScale: {x: 1, y: 1, z: 1}
  m_LocalEulerAnglesHint: {x: 0, y: 0, z: 0}
  m_Children:
  - {fileID: 1972723401}
  m_Father: {fileID: 1863415077}
  m_RootOrder: 0
--- !u!1001 &548784984
Prefab:
  m_ObjectHideFlags: 0
  serializedVersion: 2
  m_Modification:
    m_TransformParent: {fileID: 1960923746}
    m_Modifications:
    - target: {fileID: 4000011889440428, guid: 4e910dc5b5876234c8e87ce76243005c, type: 2}
      propertyPath: m_LocalPosition.x
      value: 1.81
      objectReference: {fileID: 0}
    - target: {fileID: 4000011889440428, guid: 4e910dc5b5876234c8e87ce76243005c, type: 2}
      propertyPath: m_LocalPosition.y
      value: 0
      objectReference: {fileID: 0}
    - target: {fileID: 4000011889440428, guid: 4e910dc5b5876234c8e87ce76243005c, type: 2}
      propertyPath: m_LocalPosition.z
      value: 1.24
      objectReference: {fileID: 0}
    - target: {fileID: 4000011889440428, guid: 4e910dc5b5876234c8e87ce76243005c, type: 2}
      propertyPath: m_LocalRotation.x
      value: 0
      objectReference: {fileID: 0}
    - target: {fileID: 4000011889440428, guid: 4e910dc5b5876234c8e87ce76243005c, type: 2}
      propertyPath: m_LocalRotation.y
      value: 0
      objectReference: {fileID: 0}
    - target: {fileID: 4000011889440428, guid: 4e910dc5b5876234c8e87ce76243005c, type: 2}
      propertyPath: m_LocalRotation.z
      value: 0
      objectReference: {fileID: 0}
    - target: {fileID: 4000011889440428, guid: 4e910dc5b5876234c8e87ce76243005c, type: 2}
      propertyPath: m_LocalRotation.w
      value: 1
      objectReference: {fileID: 0}
    - target: {fileID: 4000011889440428, guid: 4e910dc5b5876234c8e87ce76243005c, type: 2}
      propertyPath: m_RootOrder
      value: 5
      objectReference: {fileID: 0}
    - target: {fileID: 4000011889440428, guid: 4e910dc5b5876234c8e87ce76243005c, type: 2}
      propertyPath: m_LocalEulerAnglesHint.y
      value: 0
      objectReference: {fileID: 0}
    - target: {fileID: 114000012026760248, guid: 4e910dc5b5876234c8e87ce76243005c,
        type: 2}
      propertyPath: lookAtPlayerRatio
      value: 0.673
      objectReference: {fileID: 0}
    - target: {fileID: 114000012026760248, guid: 4e910dc5b5876234c8e87ce76243005c,
        type: 2}
      propertyPath: noticePlayerDistance
      value: 16.5
      objectReference: {fileID: 0}
    - target: {fileID: 114000012026760248, guid: 4e910dc5b5876234c8e87ce76243005c,
        type: 2}
      propertyPath: keepTargetEvenWhenLost
      value: 0
      objectReference: {fileID: 0}
    m_RemovedComponents: []
  m_ParentPrefab: {fileID: 100100000, guid: 4e910dc5b5876234c8e87ce76243005c, type: 2}
  m_IsPrefabParent: 0
--- !u!4 &548784985 stripped
Transform:
  m_PrefabParentObject: {fileID: 4000011889440428, guid: 4e910dc5b5876234c8e87ce76243005c,
    type: 2}
  m_PrefabInternal: {fileID: 548784984}
--- !u!4 &548784986 stripped
Transform:
  m_PrefabParentObject: {fileID: 4000011189238326, guid: 4e910dc5b5876234c8e87ce76243005c,
    type: 2}
  m_PrefabInternal: {fileID: 548784984}
--- !u!1 &584914756
GameObject:
  m_ObjectHideFlags: 0
  m_PrefabParentObject: {fileID: 0}
  m_PrefabInternal: {fileID: 0}
  serializedVersion: 4
  m_Component:
  - 4: {fileID: 584914758}
  - 108: {fileID: 584914757}
  m_Layer: 0
  m_Name: Directional Light
  m_TagString: Untagged
  m_Icon: {fileID: 0}
  m_NavMeshLayer: 0
  m_StaticEditorFlags: 0
  m_IsActive: 1
--- !u!108 &584914757
Light:
  m_ObjectHideFlags: 0
  m_PrefabParentObject: {fileID: 0}
  m_PrefabInternal: {fileID: 0}
  m_GameObject: {fileID: 584914756}
  m_Enabled: 1
  serializedVersion: 7
  m_Type: 1
  m_Color: {r: 1, g: 0.95686275, b: 0.8392157, a: 1}
  m_Intensity: 1
  m_Range: 10
  m_SpotAngle: 30
  m_CookieSize: 10
  m_Shadows:
    m_Type: 2
    m_Resolution: 0
    m_CustomResolution: -1
    m_Strength: 0.68
    m_Bias: 0.05
    m_NormalBias: 0.4
    m_NearPlane: 0.2
  m_Cookie: {fileID: 0}
  m_DrawHalo: 0
  m_Flare: {fileID: 0}
  m_RenderMode: 0
  m_CullingMask:
    serializedVersion: 2
    m_Bits: 4294967295
  m_Lightmapping: 4
  m_AreaSize: {x: 1, y: 1}
  m_BounceIntensity: 1
  m_ShadowRadius: 0
  m_ShadowAngle: 0
--- !u!4 &584914758
Transform:
  m_ObjectHideFlags: 0
  m_PrefabParentObject: {fileID: 0}
  m_PrefabInternal: {fileID: 0}
  m_GameObject: {fileID: 584914756}
  m_LocalRotation: {x: 0.40821788, y: -0.23456968, z: 0.10938163, w: 0.8754261}
  m_LocalPosition: {x: 0, y: 3, z: 0}
  m_LocalScale: {x: 1, y: 1, z: 1}
  m_LocalEulerAnglesHint: {x: 50, y: -30, z: 0}
  m_Children: []
  m_Father: {fileID: 1863415077}
  m_RootOrder: 2
--- !u!1001 &876402802
Prefab:
  m_ObjectHideFlags: 0
  serializedVersion: 2
  m_Modification:
    m_TransformParent: {fileID: 1960923746}
    m_Modifications:
    - target: {fileID: 4000010291776978, guid: ade93c11c5ae13948bb3f6e7fe427fd9, type: 2}
      propertyPath: m_LocalPosition.x
      value: 0.86
      objectReference: {fileID: 0}
    - target: {fileID: 4000010291776978, guid: ade93c11c5ae13948bb3f6e7fe427fd9, type: 2}
      propertyPath: m_LocalPosition.y
      value: 0
      objectReference: {fileID: 0}
    - target: {fileID: 4000010291776978, guid: ade93c11c5ae13948bb3f6e7fe427fd9, type: 2}
      propertyPath: m_LocalPosition.z
      value: 2.32
      objectReference: {fileID: 0}
    - target: {fileID: 4000010291776978, guid: ade93c11c5ae13948bb3f6e7fe427fd9, type: 2}
      propertyPath: m_LocalRotation.x
      value: 0
      objectReference: {fileID: 0}
    - target: {fileID: 4000010291776978, guid: ade93c11c5ae13948bb3f6e7fe427fd9, type: 2}
      propertyPath: m_LocalRotation.y
      value: 0
      objectReference: {fileID: 0}
    - target: {fileID: 4000010291776978, guid: ade93c11c5ae13948bb3f6e7fe427fd9, type: 2}
      propertyPath: m_LocalRotation.z
      value: 0
      objectReference: {fileID: 0}
    - target: {fileID: 4000010291776978, guid: ade93c11c5ae13948bb3f6e7fe427fd9, type: 2}
      propertyPath: m_LocalRotation.w
      value: 1
      objectReference: {fileID: 0}
    - target: {fileID: 4000010291776978, guid: ade93c11c5ae13948bb3f6e7fe427fd9, type: 2}
      propertyPath: m_RootOrder
      value: 4
      objectReference: {fileID: 0}
    - target: {fileID: 4000010291776978, guid: ade93c11c5ae13948bb3f6e7fe427fd9, type: 2}
      propertyPath: m_LocalEulerAnglesHint.y
      value: 0
      objectReference: {fileID: 0}
    - target: {fileID: 114000012058973800, guid: ade93c11c5ae13948bb3f6e7fe427fd9,
        type: 2}
      propertyPath: lookAtPlayerRatio
      value: 0.683
      objectReference: {fileID: 0}
    - target: {fileID: 114000012058973800, guid: ade93c11c5ae13948bb3f6e7fe427fd9,
        type: 2}
      propertyPath: stareBackFactor
      value: 0
      objectReference: {fileID: 0}
    - target: {fileID: 114000012058973800, guid: ade93c11c5ae13948bb3f6e7fe427fd9,
        type: 2}
      propertyPath: personalSpaceDistance
      value: 0
      objectReference: {fileID: 0}
    - target: {fileID: 114000012058973800, guid: ade93c11c5ae13948bb3f6e7fe427fd9,
        type: 2}
      propertyPath: keepTargetEvenWhenLost
      value: 0
      objectReference: {fileID: 0}
    m_RemovedComponents: []
  m_ParentPrefab: {fileID: 100100000, guid: ade93c11c5ae13948bb3f6e7fe427fd9, type: 2}
  m_IsPrefabParent: 0
--- !u!4 &876402803 stripped
Transform:
  m_PrefabParentObject: {fileID: 4000010291776978, guid: ade93c11c5ae13948bb3f6e7fe427fd9,
    type: 2}
  m_PrefabInternal: {fileID: 876402802}
--- !u!4 &876402804 stripped
Transform:
  m_PrefabParentObject: {fileID: 4000011197306356, guid: ade93c11c5ae13948bb3f6e7fe427fd9,
    type: 2}
  m_PrefabInternal: {fileID: 876402802}
--- !u!1001 &906330997
Prefab:
  m_ObjectHideFlags: 0
  serializedVersion: 2
  m_Modification:
    m_TransformParent: {fileID: 1960923746}
    m_Modifications:
    - target: {fileID: 4000013381846420, guid: bf67377770be6ef4493de77fcbc54604, type: 2}
      propertyPath: m_LocalPosition.x
      value: 1.99
      objectReference: {fileID: 0}
    - target: {fileID: 4000013381846420, guid: bf67377770be6ef4493de77fcbc54604, type: 2}
      propertyPath: m_LocalPosition.y
      value: 0
      objectReference: {fileID: 0}
    - target: {fileID: 4000013381846420, guid: bf67377770be6ef4493de77fcbc54604, type: 2}
      propertyPath: m_LocalPosition.z
      value: 2.33
      objectReference: {fileID: 0}
    - target: {fileID: 4000013381846420, guid: bf67377770be6ef4493de77fcbc54604, type: 2}
      propertyPath: m_LocalRotation.x
      value: 0
      objectReference: {fileID: 0}
    - target: {fileID: 4000013381846420, guid: bf67377770be6ef4493de77fcbc54604, type: 2}
      propertyPath: m_LocalRotation.y
      value: 0
      objectReference: {fileID: 0}
    - target: {fileID: 4000013381846420, guid: bf67377770be6ef4493de77fcbc54604, type: 2}
      propertyPath: m_LocalRotation.z
      value: 0
      objectReference: {fileID: 0}
    - target: {fileID: 4000013381846420, guid: bf67377770be6ef4493de77fcbc54604, type: 2}
      propertyPath: m_LocalRotation.w
      value: 1
      objectReference: {fileID: 0}
    - target: {fileID: 4000013381846420, guid: bf67377770be6ef4493de77fcbc54604, type: 2}
      propertyPath: m_RootOrder
      value: 2
      objectReference: {fileID: 0}
    - target: {fileID: 4000013381846420, guid: bf67377770be6ef4493de77fcbc54604, type: 2}
      propertyPath: m_LocalEulerAnglesHint.y
      value: 0
      objectReference: {fileID: 0}
    - target: {fileID: 114000013906431436, guid: bf67377770be6ef4493de77fcbc54604,
        type: 2}
      propertyPath: lookAtPlayerRatio
      value: 0.714
      objectReference: {fileID: 0}
    - target: {fileID: 114000013906431436, guid: bf67377770be6ef4493de77fcbc54604,
        type: 2}
      propertyPath: stareBackFactor
      value: 0
      objectReference: {fileID: 0}
    - target: {fileID: 114000013906431436, guid: bf67377770be6ef4493de77fcbc54604,
        type: 2}
      propertyPath: personalSpaceDistance
      value: 0
      objectReference: {fileID: 0}
    - target: {fileID: 114000013906431436, guid: bf67377770be6ef4493de77fcbc54604,
        type: 2}
      propertyPath: keepTargetEvenWhenLost
      value: 0
      objectReference: {fileID: 0}
    m_RemovedComponents: []
  m_ParentPrefab: {fileID: 100100000, guid: bf67377770be6ef4493de77fcbc54604, type: 2}
  m_IsPrefabParent: 0
--- !u!4 &906330998 stripped
Transform:
  m_PrefabParentObject: {fileID: 4000013381846420, guid: bf67377770be6ef4493de77fcbc54604,
    type: 2}
  m_PrefabInternal: {fileID: 906330997}
--- !u!4 &906330999 stripped
Transform:
  m_PrefabParentObject: {fileID: 4000012001724840, guid: bf67377770be6ef4493de77fcbc54604,
    type: 2}
  m_PrefabInternal: {fileID: 906330997}
--- !u!1001 &954495462
Prefab:
  m_ObjectHideFlags: 0
  serializedVersion: 2
  m_Modification:
    m_TransformParent: {fileID: 1960923746}
    m_Modifications:
    - target: {fileID: 4000010208160376, guid: 438651e2999a84c489448b76b8156e79, type: 2}
      propertyPath: m_LocalPosition.x
      value: -1.39
      objectReference: {fileID: 0}
    - target: {fileID: 4000010208160376, guid: 438651e2999a84c489448b76b8156e79, type: 2}
      propertyPath: m_LocalPosition.y
      value: 0
      objectReference: {fileID: 0}
    - target: {fileID: 4000010208160376, guid: 438651e2999a84c489448b76b8156e79, type: 2}
      propertyPath: m_LocalPosition.z
      value: 2.353
      objectReference: {fileID: 0}
    - target: {fileID: 4000010208160376, guid: 438651e2999a84c489448b76b8156e79, type: 2}
      propertyPath: m_LocalRotation.x
      value: 0
      objectReference: {fileID: 0}
    - target: {fileID: 4000010208160376, guid: 438651e2999a84c489448b76b8156e79, type: 2}
      propertyPath: m_LocalRotation.y
      value: 0
      objectReference: {fileID: 0}
    - target: {fileID: 4000010208160376, guid: 438651e2999a84c489448b76b8156e79, type: 2}
      propertyPath: m_LocalRotation.z
      value: 0
      objectReference: {fileID: 0}
    - target: {fileID: 4000010208160376, guid: 438651e2999a84c489448b76b8156e79, type: 2}
      propertyPath: m_LocalRotation.w
      value: 1
      objectReference: {fileID: 0}
    - target: {fileID: 4000010208160376, guid: 438651e2999a84c489448b76b8156e79, type: 2}
      propertyPath: m_RootOrder
      value: 1
      objectReference: {fileID: 0}
    - target: {fileID: 4000010208160376, guid: 438651e2999a84c489448b76b8156e79, type: 2}
      propertyPath: m_LocalEulerAnglesHint.y
      value: 0
      objectReference: {fileID: 0}
    - target: {fileID: 114000014117276632, guid: 438651e2999a84c489448b76b8156e79,
        type: 2}
      propertyPath: lookAtPlayerRatio
      value: 0.714
      objectReference: {fileID: 0}
    - target: {fileID: 114000014117276632, guid: 438651e2999a84c489448b76b8156e79,
        type: 2}
      propertyPath: noticePlayerDistance
      value: 15
      objectReference: {fileID: 0}
    - target: {fileID: 114000014117276632, guid: 438651e2999a84c489448b76b8156e79,
        type: 2}
      propertyPath: minLookTime
      value: 1
      objectReference: {fileID: 0}
    - target: {fileID: 114000014117276632, guid: 438651e2999a84c489448b76b8156e79,
        type: 2}
      propertyPath: maxLookTime
      value: 3
      objectReference: {fileID: 0}
    - target: {fileID: 114000014117276632, guid: 438651e2999a84c489448b76b8156e79,
        type: 2}
      propertyPath: keepTargetEvenWhenLost
      value: 0
      objectReference: {fileID: 0}
    m_RemovedComponents: []
  m_ParentPrefab: {fileID: 100100000, guid: 438651e2999a84c489448b76b8156e79, type: 2}
  m_IsPrefabParent: 0
--- !u!4 &954495463 stripped
Transform:
  m_PrefabParentObject: {fileID: 4000010208160376, guid: 438651e2999a84c489448b76b8156e79,
    type: 2}
  m_PrefabInternal: {fileID: 954495462}
--- !u!4 &954495464 stripped
Transform:
  m_PrefabParentObject: {fileID: 4000010211133002, guid: 438651e2999a84c489448b76b8156e79,
    type: 2}
  m_PrefabInternal: {fileID: 954495462}
--- !u!1 &964791035
GameObject:
  m_ObjectHideFlags: 0
  m_PrefabParentObject: {fileID: 0}
  m_PrefabInternal: {fileID: 0}
  serializedVersion: 4
  m_Component:
  - 4: {fileID: 964791040}
  - 20: {fileID: 964791039}
  - 92: {fileID: 964791038}
  - 124: {fileID: 964791037}
  - 81: {fileID: 964791036}
  m_Layer: 0
  m_Name: Main Camera
  m_TagString: MainCamera
  m_Icon: {fileID: 0}
  m_NavMeshLayer: 0
  m_StaticEditorFlags: 0
  m_IsActive: 1
--- !u!81 &964791036
AudioListener:
  m_ObjectHideFlags: 0
  m_PrefabParentObject: {fileID: 0}
  m_PrefabInternal: {fileID: 0}
  m_GameObject: {fileID: 964791035}
  m_Enabled: 1
--- !u!124 &964791037
Behaviour:
  m_ObjectHideFlags: 0
  m_PrefabParentObject: {fileID: 0}
  m_PrefabInternal: {fileID: 0}
  m_GameObject: {fileID: 964791035}
  m_Enabled: 1
--- !u!92 &964791038
Behaviour:
  m_ObjectHideFlags: 0
  m_PrefabParentObject: {fileID: 0}
  m_PrefabInternal: {fileID: 0}
  m_GameObject: {fileID: 964791035}
  m_Enabled: 1
--- !u!20 &964791039
Camera:
  m_ObjectHideFlags: 0
  m_PrefabParentObject: {fileID: 0}
  m_PrefabInternal: {fileID: 0}
  m_GameObject: {fileID: 964791035}
  m_Enabled: 1
  serializedVersion: 2
  m_ClearFlags: 1
  m_BackGroundColor: {r: 0.19215687, g: 0.3019608, b: 0.4745098, a: 0}
  m_NormalizedViewPortRect:
    serializedVersion: 2
    x: 0
    y: 0
    width: 1
    height: 1
  near clip plane: 0.01
  far clip plane: 1000
  field of view: 60
  orthographic: 0
  orthographic size: 5
  m_Depth: -1
  m_CullingMask:
    serializedVersion: 2
    m_Bits: 4294967295
  m_RenderingPath: -1
  m_TargetTexture: {fileID: 0}
  m_TargetDisplay: 0
  m_TargetEye: 3
  m_HDR: 0
  m_OcclusionCulling: 1
  m_StereoConvergence: 10
  m_StereoSeparation: 0.022
  m_StereoMirrorMode: 0
--- !u!4 &964791040
Transform:
  m_ObjectHideFlags: 0
  m_PrefabParentObject: {fileID: 0}
  m_PrefabInternal: {fileID: 0}
  m_GameObject: {fileID: 964791035}
  m_LocalRotation: {x: -0, y: -0, z: -0, w: 1}
  m_LocalPosition: {x: 0, y: 0, z: 0}
  m_LocalScale: {x: 1, y: 1, z: 1}
  m_LocalEulerAnglesHint: {x: 0, y: 0, z: 0}
  m_Children: []
  m_Father: {fileID: 1863415077}
  m_RootOrder: 3
--- !u!1001 &1063869816
Prefab:
  m_ObjectHideFlags: 0
  serializedVersion: 2
  m_Modification:
    m_TransformParent: {fileID: 1960923746}
    m_Modifications:
    - target: {fileID: 4000013634586988, guid: 3f55e4074fe2b0d4792e5727594a002f, type: 2}
      propertyPath: m_LocalPosition.x
      value: -1.46
      objectReference: {fileID: 0}
    - target: {fileID: 4000013634586988, guid: 3f55e4074fe2b0d4792e5727594a002f, type: 2}
      propertyPath: m_LocalPosition.y
      value: 0
      objectReference: {fileID: 0}
    - target: {fileID: 4000013634586988, guid: 3f55e4074fe2b0d4792e5727594a002f, type: 2}
      propertyPath: m_LocalPosition.z
      value: 1.05
      objectReference: {fileID: 0}
    - target: {fileID: 4000013634586988, guid: 3f55e4074fe2b0d4792e5727594a002f, type: 2}
      propertyPath: m_LocalRotation.x
      value: 0
      objectReference: {fileID: 0}
    - target: {fileID: 4000013634586988, guid: 3f55e4074fe2b0d4792e5727594a002f, type: 2}
      propertyPath: m_LocalRotation.y
      value: 0
      objectReference: {fileID: 0}
    - target: {fileID: 4000013634586988, guid: 3f55e4074fe2b0d4792e5727594a002f, type: 2}
      propertyPath: m_LocalRotation.z
      value: 0
      objectReference: {fileID: 0}
    - target: {fileID: 4000013634586988, guid: 3f55e4074fe2b0d4792e5727594a002f, type: 2}
      propertyPath: m_LocalRotation.w
      value: 1
      objectReference: {fileID: 0}
    - target: {fileID: 4000013634586988, guid: 3f55e4074fe2b0d4792e5727594a002f, type: 2}
      propertyPath: m_RootOrder
      value: 7
      objectReference: {fileID: 0}
    - target: {fileID: 4000013634586988, guid: 3f55e4074fe2b0d4792e5727594a002f, type: 2}
      propertyPath: m_LocalEulerAnglesHint.y
      value: 0
      objectReference: {fileID: 0}
    - target: {fileID: 114000011261425208, guid: 3f55e4074fe2b0d4792e5727594a002f,
        type: 2}
      propertyPath: lookAtPlayerRatio
      value: 0.696
      objectReference: {fileID: 0}
    - target: {fileID: 114000011261425208, guid: 3f55e4074fe2b0d4792e5727594a002f,
        type: 2}
      propertyPath: noticePlayerDistance
      value: 25.2
      objectReference: {fileID: 0}
    - target: {fileID: 114000011261425208, guid: 3f55e4074fe2b0d4792e5727594a002f,
        type: 2}
      propertyPath: minLookTime
      value: 1
      objectReference: {fileID: 0}
    - target: {fileID: 114000011261425208, guid: 3f55e4074fe2b0d4792e5727594a002f,
        type: 2}
      propertyPath: maxLookTime
      value: 4
      objectReference: {fileID: 0}
    m_RemovedComponents: []
  m_ParentPrefab: {fileID: 100100000, guid: 3f55e4074fe2b0d4792e5727594a002f, type: 2}
  m_IsPrefabParent: 0
--- !u!4 &1063869817 stripped
Transform:
  m_PrefabParentObject: {fileID: 4000013634586988, guid: 3f55e4074fe2b0d4792e5727594a002f,
    type: 2}
  m_PrefabInternal: {fileID: 1063869816}
--- !u!4 &1063869818 stripped
Transform:
  m_PrefabParentObject: {fileID: 4000010599047678, guid: 3f55e4074fe2b0d4792e5727594a002f,
    type: 2}
  m_PrefabInternal: {fileID: 1063869816}
--- !u!1001 &1095487760
Prefab:
  m_ObjectHideFlags: 0
  serializedVersion: 2
  m_Modification:
    m_TransformParent: {fileID: 1960923746}
    m_Modifications:
    - target: {fileID: 4000011663097352, guid: db6c60fa28f2ba44e9894003087bdd10, type: 2}
      propertyPath: m_LocalPosition.x
      value: -0.32
      objectReference: {fileID: 0}
    - target: {fileID: 4000011663097352, guid: db6c60fa28f2ba44e9894003087bdd10, type: 2}
      propertyPath: m_LocalPosition.y
      value: 0
      objectReference: {fileID: 0}
    - target: {fileID: 4000011663097352, guid: db6c60fa28f2ba44e9894003087bdd10, type: 2}
      propertyPath: m_LocalPosition.z
      value: 1.093
      objectReference: {fileID: 0}
    - target: {fileID: 4000011663097352, guid: db6c60fa28f2ba44e9894003087bdd10, type: 2}
      propertyPath: m_LocalRotation.x
      value: 0
      objectReference: {fileID: 0}
    - target: {fileID: 4000011663097352, guid: db6c60fa28f2ba44e9894003087bdd10, type: 2}
      propertyPath: m_LocalRotation.y
      value: 0
      objectReference: {fileID: 0}
    - target: {fileID: 4000011663097352, guid: db6c60fa28f2ba44e9894003087bdd10, type: 2}
      propertyPath: m_LocalRotation.z
      value: 0
      objectReference: {fileID: 0}
    - target: {fileID: 4000011663097352, guid: db6c60fa28f2ba44e9894003087bdd10, type: 2}
      propertyPath: m_LocalRotation.w
      value: 1
      objectReference: {fileID: 0}
    - target: {fileID: 4000011663097352, guid: db6c60fa28f2ba44e9894003087bdd10, type: 2}
      propertyPath: m_RootOrder
      value: 3
      objectReference: {fileID: 0}
    - target: {fileID: 4000011663097352, guid: db6c60fa28f2ba44e9894003087bdd10, type: 2}
      propertyPath: m_LocalEulerAnglesHint.y
      value: 0
      objectReference: {fileID: 0}
    - target: {fileID: 114000011525216278, guid: db6c60fa28f2ba44e9894003087bdd10,
        type: 2}
      propertyPath: lookAtPlayerRatio
      value: 0.678
      objectReference: {fileID: 0}
    - target: {fileID: 114000011525216278, guid: db6c60fa28f2ba44e9894003087bdd10,
        type: 2}
      propertyPath: stareBackFactor
      value: 0
      objectReference: {fileID: 0}
    - target: {fileID: 114000011525216278, guid: db6c60fa28f2ba44e9894003087bdd10,
        type: 2}
      propertyPath: personalSpaceDistance
      value: 0
      objectReference: {fileID: 0}
    - target: {fileID: 114000011525216278, guid: db6c60fa28f2ba44e9894003087bdd10,
        type: 2}
      propertyPath: keepTargetEvenWhenLost
      value: 0
      objectReference: {fileID: 0}
    m_RemovedComponents: []
  m_ParentPrefab: {fileID: 100100000, guid: db6c60fa28f2ba44e9894003087bdd10, type: 2}
  m_IsPrefabParent: 0
--- !u!4 &1095487761 stripped
Transform:
  m_PrefabParentObject: {fileID: 4000011663097352, guid: db6c60fa28f2ba44e9894003087bdd10,
    type: 2}
  m_PrefabInternal: {fileID: 1095487760}
--- !u!4 &1095487762 stripped
Transform:
  m_PrefabParentObject: {fileID: 4000013668491714, guid: db6c60fa28f2ba44e9894003087bdd10,
    type: 2}
  m_PrefabInternal: {fileID: 1095487760}
--- !u!1 &1350720236
GameObject:
  m_ObjectHideFlags: 0
  m_PrefabParentObject: {fileID: 0}
  m_PrefabInternal: {fileID: 0}
  serializedVersion: 4
  m_Component:
  - 4: {fileID: 1350720237}
  m_Layer: 0
  m_Name: classroom
  m_TagString: Untagged
  m_Icon: {fileID: 0}
  m_NavMeshLayer: 0
  m_StaticEditorFlags: 0
  m_IsActive: 1
--- !u!4 &1350720237
Transform:
  m_ObjectHideFlags: 0
  m_PrefabParentObject: {fileID: 0}
  m_PrefabInternal: {fileID: 0}
  m_GameObject: {fileID: 1350720236}
  m_LocalRotation: {x: -0, y: -0, z: -0, w: 1}
  m_LocalPosition: {x: -1.85, y: 1000, z: -4.05}
  m_LocalScale: {x: 1, y: 1, z: 1}
  m_LocalEulerAnglesHint: {x: 0, y: 0, z: 0}
  m_Children:
  - {fileID: 1960923746}
  - {fileID: 2027931369}
  - {fileID: 1819183969}
  m_Father: {fileID: 1863415077}
  m_RootOrder: 1
--- !u!1001 &1372105382
Prefab:
  m_ObjectHideFlags: 0
  serializedVersion: 2
  m_Modification:
    m_TransformParent: {fileID: 1960923746}
    m_Modifications:
    - target: {fileID: 114000012566409900, guid: 5c1cbb52d8d728748b583aceea153ed2,
        type: 2}
      propertyPath: clips.Array.size
      value: 3
      objectReference: {fileID: 0}
    - target: {fileID: 114000012566409900, guid: 5c1cbb52d8d728748b583aceea153ed2,
        type: 2}
      propertyPath: speakKey.Array.size
      value: 2
      objectReference: {fileID: 0}
    - target: {fileID: 114000013937837970, guid: 5c1cbb52d8d728748b583aceea153ed2,
        type: 2}
      propertyPath: pointsOfInterest.Array.size
      value: 8
      objectReference: {fileID: 0}
    - target: {fileID: 4000010853510718, guid: 5c1cbb52d8d728748b583aceea153ed2, type: 2}
      propertyPath: m_LocalPosition.x
      value: -1.82
      objectReference: {fileID: 0}
    - target: {fileID: 4000010853510718, guid: 5c1cbb52d8d728748b583aceea153ed2, type: 2}
      propertyPath: m_LocalPosition.y
      value: 0
      objectReference: {fileID: 0}
    - target: {fileID: 4000010853510718, guid: 5c1cbb52d8d728748b583aceea153ed2, type: 2}
      propertyPath: m_LocalPosition.z
      value: 6.82
      objectReference: {fileID: 0}
    - target: {fileID: 4000010853510718, guid: 5c1cbb52d8d728748b583aceea153ed2, type: 2}
      propertyPath: m_LocalRotation.x
      value: -0
      objectReference: {fileID: 0}
    - target: {fileID: 4000010853510718, guid: 5c1cbb52d8d728748b583aceea153ed2, type: 2}
      propertyPath: m_LocalRotation.y
      value: -0
      objectReference: {fileID: 0}
    - target: {fileID: 4000010853510718, guid: 5c1cbb52d8d728748b583aceea153ed2, type: 2}
      propertyPath: m_LocalRotation.z
      value: -0
      objectReference: {fileID: 0}
    - target: {fileID: 4000010853510718, guid: 5c1cbb52d8d728748b583aceea153ed2, type: 2}
      propertyPath: m_LocalRotation.w
      value: 1
      objectReference: {fileID: 0}
    - target: {fileID: 4000010853510718, guid: 5c1cbb52d8d728748b583aceea153ed2, type: 2}
      propertyPath: m_RootOrder
      value: 8
      objectReference: {fileID: 0}
    - target: {fileID: 114000012566409900, guid: 5c1cbb52d8d728748b583aceea153ed2,
        type: 2}
      propertyPath: clips.Array.data[2]
      value: 
      objectReference: {fileID: 8300000, guid: 2aa3d638bbac79b4d98fa4b9c2e06c23, type: 3}
    - target: {fileID: 114000012566409900, guid: 5c1cbb52d8d728748b583aceea153ed2,
        type: 2}
      propertyPath: clips.Array.data[3]
      value: 
      objectReference: {fileID: 8300000, guid: 9c68a1aff82e3bd4f887a827e5a26aaf, type: 3}
    - target: {fileID: 114000012566409900, guid: 5c1cbb52d8d728748b583aceea153ed2,
        type: 2}
      propertyPath: clips.Array.data[4]
      value: 
      objectReference: {fileID: 8300000, guid: 45eb88d0ee1620b4496aae02c385871c, type: 3}
    - target: {fileID: 114000012566409900, guid: 5c1cbb52d8d728748b583aceea153ed2,
        type: 2}
      propertyPath: speakKey.Array.data[2]
      value: 51
      objectReference: {fileID: 0}
    - target: {fileID: 114000012566409900, guid: 5c1cbb52d8d728748b583aceea153ed2,
        type: 2}
      propertyPath: speakKey.Array.data[3]
      value: 52
      objectReference: {fileID: 0}
    - target: {fileID: 114000012566409900, guid: 5c1cbb52d8d728748b583aceea153ed2,
        type: 2}
      propertyPath: speakKey.Array.data[4]
      value: 53
      objectReference: {fileID: 0}
    - target: {fileID: 114000012566409900, guid: 5c1cbb52d8d728748b583aceea153ed2,
        type: 2}
      propertyPath: clips.Array.data[0]
      value: 
      objectReference: {fileID: 8300000, guid: 81ee8f76b48d6e24d82fe8cb9efa146c, type: 3}
    - target: {fileID: 114000012566409900, guid: 5c1cbb52d8d728748b583aceea153ed2,
        type: 2}
      propertyPath: clips.Array.data[1]
      value: 
      objectReference: {fileID: 8300000, guid: 80352c613f0224347bb539535c5d07c2, type: 3}
    - target: {fileID: 82000010073086200, guid: 5c1cbb52d8d728748b583aceea153ed2,
        type: 2}
      propertyPath: panLevelCustomCurve.m_RotationOrder
      value: 0
      objectReference: {fileID: 0}
    - target: {fileID: 82000010073086200, guid: 5c1cbb52d8d728748b583aceea153ed2,
        type: 2}
      propertyPath: reverbZoneMixCustomCurve.m_RotationOrder
      value: 0
      objectReference: {fileID: 0}
    - target: {fileID: 82000010073086200, guid: 5c1cbb52d8d728748b583aceea153ed2,
        type: 2}
      propertyPath: m_PlayOnAwake
      value: 0
      objectReference: {fileID: 0}
    - target: {fileID: 114000013937837970, guid: 5c1cbb52d8d728748b583aceea153ed2,
        type: 2}
      propertyPath: lookAtPlayerRatio
      value: 0.8
      objectReference: {fileID: 0}
    - target: {fileID: 114000013937837970, guid: 5c1cbb52d8d728748b583aceea153ed2,
        type: 2}
      propertyPath: stareBackFactor
      value: 0.318
      objectReference: {fileID: 0}
    - target: {fileID: 114000013937837970, guid: 5c1cbb52d8d728748b583aceea153ed2,
        type: 2}
      propertyPath: noticePlayerDistance
      value: 35
      objectReference: {fileID: 0}
    - target: {fileID: 114000013937837970, guid: 5c1cbb52d8d728748b583aceea153ed2,
        type: 2}
      propertyPath: pointsOfInterest.Array.data[0]
      value: 
      objectReference: {fileID: 1783222722}
    - target: {fileID: 114000013937837970, guid: 5c1cbb52d8d728748b583aceea153ed2,
        type: 2}
      propertyPath: pointsOfInterest.Array.data[1]
      value: 
      objectReference: {fileID: 954495464}
    - target: {fileID: 114000013937837970, guid: 5c1cbb52d8d728748b583aceea153ed2,
        type: 2}
      propertyPath: pointsOfInterest.Array.data[2]
      value: 
      objectReference: {fileID: 906330999}
    - target: {fileID: 114000013937837970, guid: 5c1cbb52d8d728748b583aceea153ed2,
        type: 2}
      propertyPath: pointsOfInterest.Array.data[3]
      value: 
      objectReference: {fileID: 1095487762}
    - target: {fileID: 114000013937837970, guid: 5c1cbb52d8d728748b583aceea153ed2,
        type: 2}
      propertyPath: pointsOfInterest.Array.data[4]
      value: 
      objectReference: {fileID: 876402804}
    - target: {fileID: 114000013937837970, guid: 5c1cbb52d8d728748b583aceea153ed2,
        type: 2}
      propertyPath: pointsOfInterest.Array.data[5]
      value: 
      objectReference: {fileID: 548784986}
    - target: {fileID: 114000013937837970, guid: 5c1cbb52d8d728748b583aceea153ed2,
        type: 2}
      propertyPath: pointsOfInterest.Array.data[6]
      value: 
      objectReference: {fileID: 1399102385}
    - target: {fileID: 114000013937837970, guid: 5c1cbb52d8d728748b583aceea153ed2,
        type: 2}
      propertyPath: pointsOfInterest.Array.data[7]
      value: 
      objectReference: {fileID: 1063869818}
    - target: {fileID: 114000013937837970, guid: 5c1cbb52d8d728748b583aceea153ed2,
        type: 2}
      propertyPath: keepTargetEvenWhenLost
      value: 0
      objectReference: {fileID: 0}
    m_RemovedComponents: []
  m_ParentPrefab: {fileID: 100100000, guid: 5c1cbb52d8d728748b583aceea153ed2, type: 2}
  m_IsPrefabParent: 0
--- !u!4 &1372105383 stripped
Transform:
  m_PrefabParentObject: {fileID: 4000010853510718, guid: 5c1cbb52d8d728748b583aceea153ed2,
    type: 2}
  m_PrefabInternal: {fileID: 1372105382}
--- !u!1001 &1399102383
Prefab:
  m_ObjectHideFlags: 0
  serializedVersion: 2
  m_Modification:
    m_TransformParent: {fileID: 1960923746}
    m_Modifications:
    - target: {fileID: 4000013711751922, guid: 4591057ef78a0e8498e98581cd2bd2c3, type: 2}
      propertyPath: m_LocalPosition.x
      value: 0.808
      objectReference: {fileID: 0}
    - target: {fileID: 4000013711751922, guid: 4591057ef78a0e8498e98581cd2bd2c3, type: 2}
      propertyPath: m_LocalPosition.y
      value: 0
      objectReference: {fileID: 0}
    - target: {fileID: 4000013711751922, guid: 4591057ef78a0e8498e98581cd2bd2c3, type: 2}
      propertyPath: m_LocalPosition.z
      value: -0.297
      objectReference: {fileID: 0}
    - target: {fileID: 4000013711751922, guid: 4591057ef78a0e8498e98581cd2bd2c3, type: 2}
      propertyPath: m_LocalRotation.x
      value: 0
      objectReference: {fileID: 0}
    - target: {fileID: 4000013711751922, guid: 4591057ef78a0e8498e98581cd2bd2c3, type: 2}
      propertyPath: m_LocalRotation.y
      value: 0
      objectReference: {fileID: 0}
    - target: {fileID: 4000013711751922, guid: 4591057ef78a0e8498e98581cd2bd2c3, type: 2}
      propertyPath: m_LocalRotation.z
      value: 0
      objectReference: {fileID: 0}
    - target: {fileID: 4000013711751922, guid: 4591057ef78a0e8498e98581cd2bd2c3, type: 2}
      propertyPath: m_LocalRotation.w
      value: 1
      objectReference: {fileID: 0}
    - target: {fileID: 4000013711751922, guid: 4591057ef78a0e8498e98581cd2bd2c3, type: 2}
      propertyPath: m_RootOrder
      value: 6
      objectReference: {fileID: 0}
    - target: {fileID: 4000013711751922, guid: 4591057ef78a0e8498e98581cd2bd2c3, type: 2}
      propertyPath: m_LocalEulerAnglesHint.y
      value: 0
      objectReference: {fileID: 0}
    - target: {fileID: 114000012959794456, guid: 4591057ef78a0e8498e98581cd2bd2c3,
        type: 2}
      propertyPath: lookAtPlayerRatio
      value: 0.688
      objectReference: {fileID: 0}
    - target: {fileID: 114000012959794456, guid: 4591057ef78a0e8498e98581cd2bd2c3,
        type: 2}
      propertyPath: noticePlayerDistance
      value: 18.1
      objectReference: {fileID: 0}
    - target: {fileID: 114000012959794456, guid: 4591057ef78a0e8498e98581cd2bd2c3,
        type: 2}
      propertyPath: keepTargetEvenWhenLost
      value: 0
      objectReference: {fileID: 0}
    m_RemovedComponents: []
  m_ParentPrefab: {fileID: 100100000, guid: 4591057ef78a0e8498e98581cd2bd2c3, type: 2}
  m_IsPrefabParent: 0
--- !u!4 &1399102384 stripped
Transform:
  m_PrefabParentObject: {fileID: 4000013711751922, guid: 4591057ef78a0e8498e98581cd2bd2c3,
    type: 2}
  m_PrefabInternal: {fileID: 1399102383}
--- !u!4 &1399102385 stripped
Transform:
  m_PrefabParentObject: {fileID: 4000010631555838, guid: 4591057ef78a0e8498e98581cd2bd2c3,
    type: 2}
  m_PrefabInternal: {fileID: 1399102383}
--- !u!1001 &1783222720
Prefab:
  m_ObjectHideFlags: 0
  serializedVersion: 2
  m_Modification:
    m_TransformParent: {fileID: 1960923746}
    m_Modifications:
    - target: {fileID: 4000013920318304, guid: e5f549cc37e1f444e98e1254189dec9b, type: 2}
      propertyPath: m_LocalPosition.x
      value: -0.283
      objectReference: {fileID: 0}
    - target: {fileID: 4000013920318304, guid: e5f549cc37e1f444e98e1254189dec9b, type: 2}
      propertyPath: m_LocalPosition.y
      value: 0
      objectReference: {fileID: 0}
    - target: {fileID: 4000013920318304, guid: e5f549cc37e1f444e98e1254189dec9b, type: 2}
      propertyPath: m_LocalPosition.z
      value: 2.297
      objectReference: {fileID: 0}
    - target: {fileID: 4000013920318304, guid: e5f549cc37e1f444e98e1254189dec9b, type: 2}
      propertyPath: m_LocalRotation.x
      value: 0
      objectReference: {fileID: 0}
    - target: {fileID: 4000013920318304, guid: e5f549cc37e1f444e98e1254189dec9b, type: 2}
      propertyPath: m_LocalRotation.y
      value: 0
      objectReference: {fileID: 0}
    - target: {fileID: 4000013920318304, guid: e5f549cc37e1f444e98e1254189dec9b, type: 2}
      propertyPath: m_LocalRotation.z
      value: 0
      objectReference: {fileID: 0}
    - target: {fileID: 4000013920318304, guid: e5f549cc37e1f444e98e1254189dec9b, type: 2}
      propertyPath: m_LocalRotation.w
      value: 1
      objectReference: {fileID: 0}
    - target: {fileID: 4000013920318304, guid: e5f549cc37e1f444e98e1254189dec9b, type: 2}
      propertyPath: m_RootOrder
      value: 0
      objectReference: {fileID: 0}
    - target: {fileID: 4000013920318304, guid: e5f549cc37e1f444e98e1254189dec9b, type: 2}
      propertyPath: m_LocalEulerAnglesHint.y
      value: 0
      objectReference: {fileID: 0}
    - target: {fileID: 114000012253641030, guid: e5f549cc37e1f444e98e1254189dec9b,
        type: 2}
      propertyPath: lookAtPlayerRatio
      value: 0.703
      objectReference: {fileID: 0}
    - target: {fileID: 114000012253641030, guid: e5f549cc37e1f444e98e1254189dec9b,
        type: 2}
      propertyPath: noticePlayerDistance
      value: 16
      objectReference: {fileID: 0}
    - target: {fileID: 114000012253641030, guid: e5f549cc37e1f444e98e1254189dec9b,
        type: 2}
      propertyPath: minLookTime
      value: 1
      objectReference: {fileID: 0}
    - target: {fileID: 114000012253641030, guid: e5f549cc37e1f444e98e1254189dec9b,
        type: 2}
      propertyPath: maxLookTime
      value: 3
      objectReference: {fileID: 0}
    - target: {fileID: 114000012253641030, guid: e5f549cc37e1f444e98e1254189dec9b,
        type: 2}
      propertyPath: keepTargetEvenWhenLost
      value: 0
      objectReference: {fileID: 0}
    m_RemovedComponents: []
  m_ParentPrefab: {fileID: 100100000, guid: e5f549cc37e1f444e98e1254189dec9b, type: 2}
  m_IsPrefabParent: 0
--- !u!4 &1783222721 stripped
Transform:
  m_PrefabParentObject: {fileID: 4000013920318304, guid: e5f549cc37e1f444e98e1254189dec9b,
    type: 2}
  m_PrefabInternal: {fileID: 1783222720}
--- !u!4 &1783222722 stripped
Transform:
  m_PrefabParentObject: {fileID: 4000010808966588, guid: e5f549cc37e1f444e98e1254189dec9b,
    type: 2}
  m_PrefabInternal: {fileID: 1783222720}
--- !u!1001 &1819183968
Prefab:
  m_ObjectHideFlags: 0
  serializedVersion: 2
  m_Modification:
    m_TransformParent: {fileID: 1350720237}
    m_Modifications:
    - target: {fileID: 4000013747004340, guid: f1421322b898e9c47928b5e8e9e3a7dd, type: 2}
      propertyPath: m_LocalPosition.x
      value: 0
      objectReference: {fileID: 0}
    - target: {fileID: 4000013747004340, guid: f1421322b898e9c47928b5e8e9e3a7dd, type: 2}
      propertyPath: m_LocalPosition.y
      value: 0
      objectReference: {fileID: 0}
    - target: {fileID: 4000013747004340, guid: f1421322b898e9c47928b5e8e9e3a7dd, type: 2}
      propertyPath: m_LocalPosition.z
      value: 0
      objectReference: {fileID: 0}
    - target: {fileID: 4000013747004340, guid: f1421322b898e9c47928b5e8e9e3a7dd, type: 2}
      propertyPath: m_LocalRotation.x
      value: -0
      objectReference: {fileID: 0}
    - target: {fileID: 4000013747004340, guid: f1421322b898e9c47928b5e8e9e3a7dd, type: 2}
      propertyPath: m_LocalRotation.y
      value: -0
      objectReference: {fileID: 0}
    - target: {fileID: 4000013747004340, guid: f1421322b898e9c47928b5e8e9e3a7dd, type: 2}
      propertyPath: m_LocalRotation.z
      value: -0
      objectReference: {fileID: 0}
    - target: {fileID: 4000013747004340, guid: f1421322b898e9c47928b5e8e9e3a7dd, type: 2}
      propertyPath: m_LocalRotation.w
      value: 1
      objectReference: {fileID: 0}
    - target: {fileID: 4000013747004340, guid: f1421322b898e9c47928b5e8e9e3a7dd, type: 2}
      propertyPath: m_RootOrder
      value: 2
      objectReference: {fileID: 0}
    m_RemovedComponents: []
  m_ParentPrefab: {fileID: 100100000, guid: f1421322b898e9c47928b5e8e9e3a7dd, type: 2}
  m_IsPrefabParent: 0
--- !u!4 &1819183969 stripped
Transform:
  m_PrefabParentObject: {fileID: 4000013747004340, guid: f1421322b898e9c47928b5e8e9e3a7dd,
    type: 2}
  m_PrefabInternal: {fileID: 1819183968}
--- !u!1 &1863415076
GameObject:
  m_ObjectHideFlags: 0
  m_PrefabParentObject: {fileID: 0}
  m_PrefabInternal: {fileID: 0}
  serializedVersion: 4
  m_Component:
  - 4: {fileID: 1863415077}
  - 114: {fileID: 1863415080}
  - 114: {fileID: 1863415079}
  - 114: {fileID: 1863415078}
  m_Layer: 0
  m_Name: rootobject
  m_TagString: Untagged
  m_Icon: {fileID: 0}
  m_NavMeshLayer: 0
  m_StaticEditorFlags: 0
  m_IsActive: 1
--- !u!4 &1863415077
Transform:
  m_ObjectHideFlags: 0
  m_PrefabParentObject: {fileID: 0}
  m_PrefabInternal: {fileID: 0}
  m_GameObject: {fileID: 1863415076}
  m_LocalRotation: {x: 0, y: 0, z: 0, w: 1}
  m_LocalPosition: {x: 0, y: 0, z: 0}
  m_LocalScale: {x: 1, y: 1, z: 1}
  m_LocalEulerAnglesHint: {x: 0, y: 0, z: 0}
  m_Children:
  - {fileID: 264121643}
  - {fileID: 1350720237}
  - {fileID: 584914758}
  - {fileID: 964791040}
  m_Father: {fileID: 0}
  m_RootOrder: 0
--- !u!114 &1863415078
MonoBehaviour:
  m_ObjectHideFlags: 0
  m_PrefabParentObject: {fileID: 0}
  m_PrefabInternal: {fileID: 0}
  m_GameObject: {fileID: 1863415076}
  m_Enabled: 1
  m_EditorHideFlags: 0
  m_Script: {fileID: 11500000, guid: ed922e24410e9354482bb3152dcba9a6, type: 3}
  m_Name: 
  m_EditorClassIdentifier: 
  end_intro: 29
  end_outro: 42
--- !u!114 &1863415079
MonoBehaviour:
  m_ObjectHideFlags: 0
  m_PrefabParentObject: {fileID: 0}
  m_PrefabInternal: {fileID: 0}
  m_GameObject: {fileID: 1863415076}
  m_Enabled: 1
  m_EditorHideFlags: 0
  m_Script: {fileID: 11500000, guid: b880c9f9b221fc2498b790633fcebe84, type: 3}
  m_Name: 
  m_EditorClassIdentifier: 
  fadeIn: 1
  fadeTime: 2
  fadeColor: {r: 0, g: 0, b: 0, a: 1}
  fadeMaterial: {fileID: 2100000, guid: e642b458f4453e04ab7e2b711c58db98, type: 2}
--- !u!114 &1863415080
MonoBehaviour:
  m_ObjectHideFlags: 0
  m_PrefabParentObject: {fileID: 0}
  m_PrefabInternal: {fileID: 0}
  m_GameObject: {fileID: 1863415076}
  m_Enabled: 1
  m_EditorHideFlags: 0
  m_Script: {fileID: 11500000, guid: b11c24282dc39ef4a96904218a3c22ed, type: 3}
  m_Name: 
  m_EditorClassIdentifier: 
--- !u!1 &1960923745
GameObject:
  m_ObjectHideFlags: 0
  m_PrefabParentObject: {fileID: 0}
  m_PrefabInternal: {fileID: 0}
  serializedVersion: 4
  m_Component:
  - 4: {fileID: 1960923746}
  m_Layer: 0
  m_Name: people
  m_TagString: Untagged
  m_Icon: {fileID: 0}
  m_NavMeshLayer: 0
  m_StaticEditorFlags: 0
  m_IsActive: 1
--- !u!4 &1960923746
Transform:
  m_ObjectHideFlags: 0
  m_PrefabParentObject: {fileID: 0}
  m_PrefabInternal: {fileID: 0}
  m_GameObject: {fileID: 1960923745}
  m_LocalRotation: {x: -0, y: -0, z: -0, w: 1}
  m_LocalPosition: {x: 0, y: 0, z: 0}
  m_LocalScale: {x: 1, y: 1, z: 1}
  m_LocalEulerAnglesHint: {x: 0, y: 0, z: 0}
  m_Children:
  - {fileID: 1783222721}
  - {fileID: 954495463}
  - {fileID: 906330998}
  - {fileID: 1095487761}
  - {fileID: 876402803}
  - {fileID: 548784985}
  - {fileID: 1399102384}
  - {fileID: 1063869817}
  - {fileID: 1372105383}
  m_Father: {fileID: 1350720237}
  m_RootOrder: 0
--- !u!1001 &1972723400
Prefab:
  m_ObjectHideFlags: 0
  serializedVersion: 2
  m_Modification:
    m_TransformParent: {fileID: 264121643}
    m_Modifications:
    - target: {fileID: 4000013643976530, guid: 9822632b7fd42f341b9a91ce89041d73, type: 2}
      propertyPath: m_LocalPosition.x
      value: 0
      objectReference: {fileID: 0}
    - target: {fileID: 4000013643976530, guid: 9822632b7fd42f341b9a91ce89041d73, type: 2}
      propertyPath: m_LocalPosition.y
      value: 0
      objectReference: {fileID: 0}
    - target: {fileID: 4000013643976530, guid: 9822632b7fd42f341b9a91ce89041d73, type: 2}
      propertyPath: m_LocalPosition.z
      value: 0
      objectReference: {fileID: 0}
    - target: {fileID: 4000013643976530, guid: 9822632b7fd42f341b9a91ce89041d73, type: 2}
      propertyPath: m_LocalRotation.x
      value: 0
      objectReference: {fileID: 0}
    - target: {fileID: 4000013643976530, guid: 9822632b7fd42f341b9a91ce89041d73, type: 2}
      propertyPath: m_LocalRotation.y
      value: 0
      objectReference: {fileID: 0}
    - target: {fileID: 4000013643976530, guid: 9822632b7fd42f341b9a91ce89041d73, type: 2}
      propertyPath: m_LocalRotation.z
      value: 0
      objectReference: {fileID: 0}
    - target: {fileID: 4000013643976530, guid: 9822632b7fd42f341b9a91ce89041d73, type: 2}
      propertyPath: m_LocalRotation.w
      value: 1
      objectReference: {fileID: 0}
    - target: {fileID: 4000013643976530, guid: 9822632b7fd42f341b9a91ce89041d73, type: 2}
      propertyPath: m_RootOrder
      value: 0
      objectReference: {fileID: 0}
    m_RemovedComponents: []
  m_ParentPrefab: {fileID: 100100000, guid: 9822632b7fd42f341b9a91ce89041d73, type: 2}
  m_IsPrefabParent: 0
--- !u!4 &1972723401 stripped
Transform:
  m_PrefabParentObject: {fileID: 4000013643976530, guid: 9822632b7fd42f341b9a91ce89041d73,
    type: 2}
  m_PrefabInternal: {fileID: 1972723400}
--- !u!1 &1972723402 stripped
GameObject:
  m_PrefabParentObject: {fileID: 1000010983167894, guid: 9822632b7fd42f341b9a91ce89041d73,
    type: 2}
  m_PrefabInternal: {fileID: 1972723400}
--- !u!114 &1972723403
MonoBehaviour:
  m_ObjectHideFlags: 0
  m_PrefabParentObject: {fileID: 0}
  m_PrefabInternal: {fileID: 0}
  m_GameObject: {fileID: 1972723402}
  m_Enabled: 1
  m_EditorHideFlags: 0
  m_Script: {fileID: 11500000, guid: 0745da398f36c794a97a79eee77203c9, type: 3}
  m_Name: 
  m_EditorClassIdentifier: 
  mlclip: {fileID: 0}
  clips:
  - {fileID: 8300000, guid: 6ce50ee631e0e454e8ceae96ca9d70fa, type: 3}
  - {fileID: 8300000, guid: 84c6692a7fd5c8947bb6aa905193b645, type: 3}
  soundcount: 0
  speakKey: 
--- !u!82 &1972723404
AudioSource:
  m_ObjectHideFlags: 0
  m_PrefabParentObject: {fileID: 0}
  m_PrefabInternal: {fileID: 0}
  m_GameObject: {fileID: 1972723402}
  m_Enabled: 1
  serializedVersion: 4
  OutputAudioMixerGroup: {fileID: 0}
  m_audioClip: {fileID: 0}
  m_PlayOnAwake: 1
  m_Volume: 1
  m_Pitch: 1
  Loop: 0
  Mute: 0
  Spatialize: 0
  Priority: 128
  DopplerLevel: 1
  MinDistance: 1
  MaxDistance: 500
  Pan2D: 0
  rolloffMode: 0
  BypassEffects: 0
  BypassListenerEffects: 0
  BypassReverbZones: 0
  rolloffCustomCurve:
    serializedVersion: 2
    m_Curve:
    - time: 0
      value: 1
      inSlope: 0
      outSlope: 0
      tangentMode: 0
    - time: 1
      value: 0
      inSlope: 0
      outSlope: 0
      tangentMode: 0
    m_PreInfinity: 2
    m_PostInfinity: 2
    m_RotationOrder: 4
  panLevelCustomCurve:
    serializedVersion: 2
    m_Curve:
    - time: 0
      value: 0
      inSlope: 0
      outSlope: 0
      tangentMode: 0
    m_PreInfinity: 2
    m_PostInfinity: 2
    m_RotationOrder: 4
  spreadCustomCurve:
    serializedVersion: 2
    m_Curve:
    - time: 0
      value: 0
      inSlope: 0
      outSlope: 0
      tangentMode: 0
    m_PreInfinity: 2
    m_PostInfinity: 2
    m_RotationOrder: 4
  reverbZoneMixCustomCurve:
    serializedVersion: 2
    m_Curve:
    - time: 0
      value: 1
      inSlope: 0
      outSlope: 0
      tangentMode: 0
    m_PreInfinity: 2
    m_PostInfinity: 2
    m_RotationOrder: 4
--- !u!1001 &2027931368
Prefab:
  m_ObjectHideFlags: 0
  serializedVersion: 2
  m_Modification:
    m_TransformParent: {fileID: 1350720237}
    m_Modifications:
    - target: {fileID: 4000012450414078, guid: e3494446023202f4281d6cf0cd820213, type: 2}
      propertyPath: m_LocalPosition.x
      value: 1.04
      objectReference: {fileID: 0}
    - target: {fileID: 4000012450414078, guid: e3494446023202f4281d6cf0cd820213, type: 2}
      propertyPath: m_LocalPosition.y
      value: 1.75
      objectReference: {fileID: 0}
    - target: {fileID: 4000012450414078, guid: e3494446023202f4281d6cf0cd820213, type: 2}
      propertyPath: m_LocalPosition.z
      value: 9.59
      objectReference: {fileID: 0}
    - target: {fileID: 4000012450414078, guid: e3494446023202f4281d6cf0cd820213, type: 2}
      propertyPath: m_LocalRotation.x
      value: -0
      objectReference: {fileID: 0}
    - target: {fileID: 4000012450414078, guid: e3494446023202f4281d6cf0cd820213, type: 2}
      propertyPath: m_LocalRotation.y
      value: 1
      objectReference: {fileID: 0}
    - target: {fileID: 4000012450414078, guid: e3494446023202f4281d6cf0cd820213, type: 2}
      propertyPath: m_LocalRotation.z
      value: -0
      objectReference: {fileID: 0}
    - target: {fileID: 4000012450414078, guid: e3494446023202f4281d6cf0cd820213, type: 2}
      propertyPath: m_LocalRotation.w
      value: 0
      objectReference: {fileID: 0}
    - target: {fileID: 4000012450414078, guid: e3494446023202f4281d6cf0cd820213, type: 2}
      propertyPath: m_RootOrder
      value: 1
      objectReference: {fileID: 0}
    - target: {fileID: 4000012450414078, guid: e3494446023202f4281d6cf0cd820213, type: 2}
      propertyPath: m_LocalScale.x
      value: 0.3
      objectReference: {fileID: 0}
    - target: {fileID: 4000012450414078, guid: e3494446023202f4281d6cf0cd820213, type: 2}
      propertyPath: m_LocalScale.y
      value: 0.16
      objectReference: {fileID: 0}
    - target: {fileID: 4000012450414078, guid: e3494446023202f4281d6cf0cd820213, type: 2}
      propertyPath: m_LocalScale.z
      value: 0.16
      objectReference: {fileID: 0}
    m_RemovedComponents: []
  m_ParentPrefab: {fileID: 100100000, guid: e3494446023202f4281d6cf0cd820213, type: 2}
  m_IsPrefabParent: 0
--- !u!4 &2027931369 stripped
Transform:
  m_PrefabParentObject: {fileID: 4000012450414078, guid: e3494446023202f4281d6cf0cd820213,
    type: 2}
  m_PrefabInternal: {fileID: 2027931368}
